@inproceedings{ackerman2010towards,
  title={Towards property-based classification of clustering paradigms},
  author={Ackerman, Margareta and Ben-David, Shai and Loker, David},
  booktitle={Advances in Neural Information Processing Systems},
  pages={10--18},
  year={2010}
}

@article{ben2007framework,
  title={A framework for statistical clustering with constant time approximation algorithms for k-median and k-means clustering},
  author={Ben-David, Shai},
  journal={Machine Learning},
  volume={66},
  number={2-3},
  pages={243--257},
  year={2007},
  publisher={Springer}
}

@article{biau2008performance,
  title={On the performance of clustering in Hilbert spaces},
  author={Biau, G{\'e}rard and Devroye, Luc and Lugosi, G{\'a}bor},
  journal={Information Theory, IEEE Transactions on},
  volume={54},
  number={2},
  pages={781--790},
  year={2008},
  publisher={IEEE}
}

@inproceedings{blum2014Approximation,
  title={Approximation-stability and Perturbation-stability},
  author={Blum, Avrim},
  booktitle={DAGSTUHL Workshop on Analysis of Algorithms Beyond the Worst Case},
  year={2014}
}

@book{anthony2009neural,
  title={Neural network learning: Theoretical foundations},
  author={Anthony, Martin and Bartlett, Peter L},
  year={2009},
  publisher={cambridge university press}
}

@inproceedings{balcan2009approximate,
  title={Approximate clustering without the approximation},
  author={Balcan, Maria-Florina and Blum, Avrim and Gupta, Anupam},
  booktitle={Proceedings of the twentieth Annual ACM-SIAM Symposium on Discrete Algorithms},
  pages={1068--1077},
  year={2009},
  organization={Society for Industrial and Applied Mathematics}
}

@inproceedings{bilenko2004integrating,
  title={Integrating constraints and metric learning in semi-supervised clustering},
  author={Bilenko, Mikhail and Basu, Sugato and Mooney, Raymond J},
  booktitle={Proceedings of the twenty-first international conference on Machine learning},
  pages={11},
  year={2004},
  organization={ACM}
}

@book{basu2008constrained,
  title={Constrained clustering: Advances in algorithms, theory, and applications},
  author={Basu, Sugato and Davidson, Ian and Wagstaff, Kiri},
  year={2008},
  publisher={CRC Press}
}

@inproceedings{xing2002distance,
  title={Distance metric learning with application to clustering with side-information},
  author={Xing, Eric P and Jordan, Michael I and Russell, Stuart and Ng, Andrew Y},
  booktitle={Advances in neural information processing systems},
  pages={505--512},
  year={2002}
}

@article{maurer2010dimensional,
  title={k-Dimensional Coding Schemes in Hilbert Spaces},
  author={Maurer, Andreas and Pontil, Massimiliano},
  journal={Information Theory, IEEE Transactions on},
  volume={56},
  number={11},
  pages={5839--5846},
  year={2010},
  publisher={IEEE}
}


@inproceedings{basu2002semi,
  title={Semi-supervised clustering by seeding},
  author={Basu, Sugato and Banerjee, Arindam and Mooney, Raymond},
  booktitle={In Proceedings of 19th International Conference on Machine Learning (ICML-2002)},
  year={2002},
}

@inproceedings{basu2004probabilistic,
  title={A probabilistic framework for semi-supervised clustering},
  author={Basu, Sugato and Bilenko, Mikhail and Mooney, Raymond J},
  booktitle={Proceedings of the tenth ACM SIGKDD international conference on Knowledge discovery and data mining},
  pages={59--68},
  year={2004},
  organization={ACM}
}


@article{valiant1984theory,
  title={A theory of the learnable},
  author={Valiant, Leslie G},
  journal={Communications of the ACM},
  volume={27},
  number={11},
  pages={1134--1142},
  year={1984},
  publisher={ACM}
}

@article{demiriz1999semi,
  title={Semi-supervised clustering using genetic algorithms},
  author={Demiriz, Ayhan and Bennett, Kristin P and Embrechts, Mark J},
  journal={Artificial neural networks in engineering (ANNIE-99)},
  pages={809--814},
  year={1999}
}

@article{kulis2009semi,
  title={Semi-supervised graph clustering: a kernel approach},
  author={Kulis, Brian and Basu, Sugato and Dhillon, Inderjit and Mooney, Raymond},
  journal={Machine learning},
  volume={74},
  number={1},
  pages={1--22},
  year={2009},
  publisher={Springer}
}

@inproceedings{law2005model,
  title={Model-based Clustering With Probabilistic Constraints},
  author={Law, Martin HC and Topchy, Alexander P and Jain, Anil K},
  booktitle={SDM},
  year={2005},
  organization={SIAM}
}

@inproceedings{alipanahi2008distance,
  title={Distance metric learning vs. Fisher discriminant analysis},
  author={Alipanahi, Babak and Biggs, Michael and Ghodsi, Ali and others},
  booktitle={Proceedings of the 23rd national conference on Artificial intelligence},
  pages={598--603},
  year={2008}
}

@book{pollard1984convergence,
  title={Convergence of stochastic processes},
  author={Pollard, David},
  year={1984},
  publisher={David Pollard}
}

@inproceedings{von2005towards,
  title={Towards a statistical theory of clustering},
  author={Von Luxburg, Ulrike and Ben-David, Shai},
  booktitle={Pascal workshop on statistics and optimization of clustering},
  pages={20--26},
  year={2005}
}
@inproceedings{wagstaff2001constrained,
  title={Constrained k-means clustering with background knowledge},
  author={Wagstaff, Kiri and Cardie, Claire and Rogers, Seth and Schr{\"o}dl, Stefan and others},
  booktitle={ICML},
  volume={1},
  pages={577--584},
  year={2001}
}

@article{lloyd1982least,
  title={Least squares quantization in PCM},
  author={Lloyd, Stuart P},
  journal={Information Theory, IEEE Transactions on},
  volume={28},
  number={2},
  pages={129--137},
  year={1982},
  publisher={IEEE}
}

@article{angluin1988queries,
  title={Queries and concept learning},
  author={Angluin, Dana},
  journal={Machine learning},
  volume={2},
  number={4},
  pages={319--342},
  year={1988},
  publisher={Springer}
}

@article{eriksson2011active,
  title={Active clustering: Robust and efficient hierarchical clustering using adaptively selected similarities},
  author={Eriksson, Brian and Dasarathy, Gautam and Singh, Aarti and Nowak, Robert},
  journal={arXiv preprint arXiv:1102.3887},
  year={2011}
}

@article{krishnamurthy2012efficient,
  title={Efficient active algorithms for hierarchical clustering},
  author={Krishnamurthy, Akshay and Balakrishnan, Sivaraman and Xu, Min and Singh, Aarti},
  journal={arXiv preprint arXiv:1206.4672},
  year={2012}
}

@article{voevodski2012active,
  title={Active clustering of biological sequences},
  author={Voevodski, Konstantin and Balcan, Maria-Florina and R{\"o}glin, Heiko and Teng, Shang-Hua and Xia, Yu},
  journal={The Journal of Machine Learning Research},
  volume={13},
  number={1},
  pages={203--225},
  year={2012},
  publisher={JMLR. org}
}

@inproceedings{balcan2008clustering,
  title={Clustering with interactive feedback},
  author={Balcan, Maria-Florina and Blum, Avrim},
  booktitle={Algorithmic Learning Theory},
  pages={316--328},
  year={2008},
  organization={Springer}
}

@article{michel2012supervised,
  title={A supervised clustering approach for fMRI-based inference of brain states},
  author={Michel, Vincent and Gramfort, Alexandre and Varoquaux, Ga{\"e}l and Eger, Evelyn and Keribin, Christine and Thirion, Bertrand},
  journal={Pattern Recognition},
  volume={45},
  number={6},
  pages={2041--2049},
  year={2012},
  publisher={Elsevier}
}

@incollection{davidson2005agglomerative,
  title={Agglomerative hierarchical clustering with constraints: Theoretical and empirical results},
  author={Davidson, Ian and Ravi, SS},
  booktitle={Knowledge Discovery in Databases: PKDD 2005},
  pages={59--70},
  year={2005},
  publisher={Springer}
}

@inproceedings{tang2007enhancing,
  title={Enhancing semi-supervised clustering: a feature projection perspective},
  author={Tang, Wei and Xiong, Hui and Zhong, Shi and Wu, Jie},
  booktitle={Proceedings of the 13th ACM SIGKDD international conference on Knowledge discovery and data mining},
  pages={707--716},
  year={2007},
  organization={ACM}
}

@inproceedings{basu2003comparing,
  title={Comparing and unifying search-based and similarity-based approaches to semi-supervised clustering},
  author={Basu, Sugato and Bilenko, Mikhail and Mooney, Raymond J},
  booktitle={Proceedings of the ICML-2003 workshop on the continuum from labeled to unlabeled data in machine learning and data mining},
  pages={42--49},
  year={2003},
  organization={Citeseer}
}


@inproceedings{awasthi2010supervised,
  title={Supervised clustering},
  author={Awasthi, Pranjal and Zadeh, Reza B},
  booktitle={Advances in Neural Information Processing Systems},
  pages={91--99},
  year={2010}
}

@article{kulis2009semi,
  title={Semi-supervised graph clustering: a kernel approach},
  author={Kulis, Brian and Basu, Sugato and Dhillon, Inderjit and Mooney, Raymond},
  journal={Machine learning},
  volume={74},
  number={1},
  pages={1--22},
  year={2009},
  publisher={Springer}
}

@inproceedings{dhillon2004kernel,
  title={Kernel k-means: spectral clustering and normalized cuts},
  author={Dhillon, Inderjit S and Guan, Yuqiang and Kulis, Brian},
  booktitle={Proceedings of the tenth ACM SIGKDD international conference on Knowledge discovery and data mining},
  pages={551--556},
  year={2004},
  organization={ACM}
}

@article{gopaltransformation,
  title={Transformation-based Probabilistic Clustering with Supervision},
  author={Gopal, Siddharth and Yang, Yiming}
    booktitle={Proceedings of Uncertainty in AI},
    year={2014}
}