@inproceedings{macqueen1967some,
  title={Some methods for classification and analysis of multivariate observations},
  author={MacQueen, James and others},
  booktitle={Proceedings of the fifth Berkeley symposium on mathematical statistics and probability},
  volume={1},
  number={14},
  pages={281--297},
  year={1967},
  organization={Oakland, CA, USA.}
}

@book{jain1988algorithms,
  title={Algorithms for clustering data},
  author={Jain, Anil K and Dubes, Richard C},
  year={1988},
  publisher={Prentice-Hall, Inc.}
}

@book{dasgupta2008hardness,
  title={The hardness of k-means clustering},
  author={Dasgupta, Sanjoy},
  year={2008},
  publisher={Department of Computer Science and Engineering, University of California, San Diego}
}

@article{mirkes2011k,
  title={K-means and K-medoids applet},
  author={Mirkes, EM},
  journal={University of Leicester},
  year={2011}
}

@inproceedings{wang2005comparison,
  title={A comparison of fuzzy and non-fuzzy clustering techniques in cancer diagnosis},
  author={Wang, XY and Garibaldi, Jon M},
  booktitle={Proceedings of the 2nd International Conference in Computational Intelligence in Medicine and Healthcare, BIOPATTERN Conference, Costa da Caparica, Lisbon, Portugal},
  pages={28},
  year={2005}
}

@inproceedings{liu2007clustering,
  title={Clustering billions of images with large scale nearest neighbor search},
  author={Liu, Ting and Rosenberg, Charles and Rowley, Henry A},
  booktitle={Applications of Computer Vision, 2007. WACV'07. IEEE Workshop on},
  pages={28--28},
  year={2007},
  organization={IEEE}
}

@article{daniely2012clustering,
  title={Clustering is difficult only when it does not matter},
  author={Daniely, Amit and Linial, Nati and Saks, Michael},
  journal={arXiv preprint arXiv:1205.4891},
  year={2012}
}

@article{bilu2012stable,
  title={Are stable instances easy?},
  author={Bilu, Yonatan and Linial, Nathan},
  journal={Combinatorics, Probability and Computing},
  volume={21},
  number={05},
  pages={643--660},
  year={2012},
  publisher={Cambridge Univ Press}
}

@inproceedings{ackerman2009clusterability,
  title={Clusterability: A theoretical study},
  author={Ackerman, Margareta and Ben-David, Shai},
  booktitle={International Conference on Artificial Intelligence and Statistics},
  pages={1--8},
  year={2009}
}

@article{awasthi2012center,
  title={Center-based clustering under perturbation stability},
  author={Awasthi, Pranjal and Blum, Avrim and Sheffet, Or},
  journal={Information Processing Letters},
  volume={112},
  number={1},
  pages={49--54},
  year={2012},
  publisher={Elsevier}
}

@incollection{balcan2012clustering,
  title={Clustering under perturbation resilience},
  author={Balcan, Maria Florina and Liang, Yingyu},
  booktitle={Automata, Languages, and Programming},
  pages={63--74},
  year={2012},
  publisher={Springer}
}

@article{ben2014data,
  title={Data stability in clustering: A closer look},
  author={Ben-David, Shalev and Reyzin, Lev},
  journal={Theoretical Computer Science},
  volume={558},
  pages={51--61},
  year={2014},
  publisher={Elsevier}
}

@inproceedings{ben2014clustering,
  title={Clustering in the Presence of Background Noise},
  author={Ben-David, Shai and Haghtalab, Nika},
  booktitle={Proceedings of the 31st International Conference on Machine Learning (ICML-14)},
  pages={280--288},
  year={2014}
}

@inproceedings{basu2002semi,
  title={Semi-supervised clustering by seeding},
  author={Basu, Sugato and Banerjee, Arindam and Mooney, Raymond},
  booktitle={In Proceedings of 19th International Conference on Machine Learning (ICML-2002},
  year={2002},
}

@inproceedings{basu2004probabilistic,
  title={A probabilistic framework for semi-supervised clustering},
  author={Basu, Sugato and Bilenko, Mikhail and Mooney, Raymond J},
  booktitle={Proceedings of the tenth ACM SIGKDD international conference on Knowledge discovery and data mining},
  pages={59--68},
  year={2004},
  organization={ACM}
}

@inproceedings{ashtiani2015representation,
  title={Representation Learning for Clustering: A Statistical Framework},
  author={Ashtiani, Hassan and Ben-David, Shai},
  booktitle={Uncertainty in AI (UAI)},
  year={2015},
}

@inproceedings{balcan2008clustering,
  title={Clustering with interactive feedback},
  author={Balcan, Maria-Florina and Blum, Avrim},
  booktitle={Algorithmic Learning Theory},
  pages={316--328},
  year={2008},
  organization={Springer}
}

@inproceedings{kushagra2016finding,
  title={Finding meaningful cluster structure amidst background noise},
  author={Kushagra, Shrinu and Samadi, Samira and Ben-David, Shai},
  booktitle={Algorithmic Learning Theory},
  year={2016},
}

@inproceedings{ashtiani2016clustering,
  title={Clustering with same-cluster queries},
  author={Ashtiani, Hassan and Kushagra, Shrinu and Ben-David, Shai},
  booktitle={Oral Presentation, NIPS},
  year={2016},
}